@article{avila2007introduccao,
  title={Introdu{\c{c}}{\~a}o {\`a} Engenharia de Requisitos},
  author={{\'A}vila, Ana Luiza and Sp{\'\i}nola, Rodrigo Oliveira},
  journal={Qualidade de Software. Engenharia de Software Magazine, DevMedia},
  year={2007}
}

@phdthesis{mendes2009dirce,
  title={DIRCE-Design da Intera{\c{c}}{\~a}o e levantamento de Requisitos com foco na Comunica{\c{c}}{\~a}o e Explora{\c{c}}{\~a}o de ideias: experi{\^e}ncias de uso aplicadas em sistemas de cria{\c{c}}{\~a}o de conte{\'u}do para a televis{\~a}o digital},
  author={Mendes, Mar{\'\i}lia Soares},
  year={2009},
  school={Disserta{\c{c}}{\~a}o de Mestrado (Mestrado em Inform{\'a}tica Aplicada)-Universidade de Fortaleza (UNIFOR). 176f. Fortaleza}
}

@article{andrade2004estudo,
  title={Um estudo de aplica{\c{c}}{\~a}o de modelagem de processo de neg{\'o}cio para apoiar a especifica{\c{c}}{\~a}o de requisitos de um sistema},
  author={Andrade, Adriana and Ribeiro, Andriele and Borges, Eduardo and Neves, Wolber},
  journal={SIMP{\'O}SIO INTERNACIONAL DE MELHORIA DE PROCESSOS DE SOFTWARE},
  volume={6},
  year={2004}
}